% Encoding: UTF-8

@online{Hoefig2019,
	author = {Henning Höfig and others},
	title = {{BTCCD}},
	year = 2019,
	url = {https://github.com/BTCCD/BTCCD},
	urldate = {2020-06-04}
}

@PhdThesis{Hoefig2020,
  author = {Henning Höfig},
  school = {RWTH Aachen, Germany},
  title  = {Single-Molecule Characterizationof FRET-based Biosensors and Development of Two-Color Coincidence Detection},
  year   = {2020},
}

@Book{Lakowicz2006,
  author    = {Joseph R. Lakowicz},
  publisher = {Springer Science and Business Media LLC},
  title     = {Principles of Fluorescence Spectroscopy},
  year      = {2006},
  address   = {New York, USA},
  edition   = {Third Edition},
  isbn      = {978-0387-31278-1},
}

@Article{Hoefig2019b,
  author    = {Henning Höfig and Olessya Yukhnovets and Cristina Remes and Noemie Kempf and Alexandros Katranidis and Daryan Kempe and Jörg Fitter},
  journal   = {Communications Biology},
  title     = {Brightness-gated two-color coincidence detection unravels two distinct mechanisms in bacterial protein translation initiation},
  year      = {2019},
  month     = {dec},
  number    = {1},
  volume    = {2},
  doi       = {10.1038/s42003-019-0709-7},
  publisher = {Springer Science and Business Media {LLC}},
}

@Article{Li1972,
  author    = {R. Li and E. C. Lim},
  journal   = {The Journal of Chemical Physics},
  title     = {Quantitative Study of Luminescence in Aromatic and Heteroaromatic Molecules},
  year      = {1972},
  month     = {jul},
  number    = {2},
  pages     = {605--612},
  volume    = {57},
  doi       = {10.1063/1.1678291},
  publisher = {{AIP} Publishing},
}

@Article{Lichtman2005,
  author    = {Jeff W Lichtman and Jos{\'{e}}-Angel Conchello},
  journal   = {Nature Methods},
  title     = {Fluorescence microscopy},
  year      = {2005},
  month     = {nov},
  number    = {12},
  pages     = {910--919},
  volume    = {2},
  doi       = {10.1038/nmeth817},
  publisher = {Springer Science and Business Media {LLC}},
}

@Online{Alexa647_Spectra,
  author  = {{Thermo Fisher Scientific Inc.}},
  title   = {Fluorescence SpectraViewer},
  url     = {https://www.thermofisher.com/de/de/home/life-science/cell-analysis/labeling-chemistry/fluorescence-spectraviewer.html?SID=srch-svtool&UID=21235p72#!/},
  urldate = {2020-06-16},
}

@Article{Schwille2001,
  author  = {Schwille, Petra and Haustein, Elke},
  journal = {Spectroscopy},
  title   = {Fluorescence Correlation Spectroscopy - An Introduction to its Concepts and Applications},
  year    = {2001},
  month   = {01},
  volume  = {94(22)},
}

@Manual{MicroTime200,
  title   = {MicroTime 200: Fluorescence Lifetime Microscope},
  address = {PicoQuant GmbH, Berlin, Germany},
  edition = {Version 6.1},
  note    = {Manual},
}

@Manual{CountT,
  title   = {Single Photon Counting Module COUNT T-Series},
  address = {Olching, Germany},
  author  = {{Laser Components GmbH}},
  note    = {Product Sheet},
}

@Manual{tauSPAD,
  title   = {$\tau$-SPAD: Single Photon Counting Module},
  address = {PicoQuant GmbH, Berlin, Germany},
  note    = {Product Sheet},
}

@Article{Mueller2005,
  author    = {Barbara K. Müller and Evgeny Zaychikov and Christoph Bräuchle and Don C. Lamb},
  journal   = {Biophysical Journal},
  title     = {Pulsed Interleaved Excitation},
  year      = {2005},
  month     = {nov},
  number    = {5},
  pages     = {3508--3522},
  volume    = {89},
  doi       = {10.1529/biophysj.105.064766},
  publisher = {Elsevier {BV}},
}

@Manual{Wahl,
  title   = {Time Tagged Time-Resolved Fluorescence Data Collection in Life Sciences},
  address = {PicoQuant GmbH, Berlin, Germany},
  author  = {Michael Wahl and Sandra Orthaus-Müller},
  note    = {Technical Note},
}

@Manual{ConfocalVolumeDetermination,
  title   = {Quantitative FCS: Determination of the Confocal Volume by FCS and Bead Scanning with the MIcroTime 200},
  address = {PicoQuant GmbH, Berlin, Germany},
  author  = {Volker Buschmann and Benedikt Kräner and Felix Koberling and Rainer Macdonald and Steffen Rüttinger},
  edition = {Version 1.1},
  note    = {Application Note},
  year    = {2009},
}

@Manual{Kapusta2010,
  title   = {Absolute Diffusion Coefficients: Compilation of Reference Data for FCS Calibration},
  address = {PicoQuant GmbH, Berlin, Germany},
  author  = {Peter Kapusta},
  edition = {Revision 1},
  note    = {Applicatino Note},
  year    = {2010},
}

@Article{Orte2010,
  author    = {Angel Orte and Richard Clarke and David Klenerman},
  journal   = {Biochemical Society Transactions},
  title     = {Single-molecule two-colour coincidence detection to probe biomolecular associations},
  year      = {2010},
  month     = {jul},
  number    = {4},
  pages     = {914--918},
  volume    = {38},
  doi       = {10.1042/bst0380914},
  publisher = {Portland Press Ltd.},
}

@Book{Zaccai2017,
  author    = {Nathan R. Zaccai and Igor N. Serdyuk and Joseph Zaccai},
  publisher = {Cambridge University Press},
  title     = {Methods in Molecular Biophysics},
  year      = {2017},
  address   = {Cambridge, UK},
  edition   = {Second Edition},
  isbn      = {978-1-107-05637-4},
  month     = {may},
  doi       = {10.1017/9781107297227},
}

@Article{Hinczewski2016,
  author    = {Michael Hinczewski and Changbong Hyeon and D. Thirumalai},
  journal   = {Proceedings of the National Academy of Sciences},
  title     = {Directly measuring single-molecule heterogeneity using force spectroscopy},
  year      = {2016},
  month     = {jun},
  number    = {27},
  pages     = {E3852--E3861},
  volume    = {113},
  doi       = {10.1073/pnas.1518389113},
  publisher = {Proceedings of the National Academy of Sciences},
}

@Article{Edman1996,
  author    = {L. Edman and U. Mets and R. Rigler},
  journal   = {Proceedings of the National Academy of Sciences},
  title     = {Conformational transitions monitored for single molecules in solution.},
  year      = {1996},
  month     = {jun},
  number    = {13},
  pages     = {6710--6715},
  volume    = {93},
  doi       = {10.1073/pnas.93.13.6710},
  publisher = {Proceedings of the National Academy of Sciences},
}

@Article{Luchinat2016,
  author    = {Claudio Luchinat},
  journal   = {Physical Chemistry Chemical Physics},
  title     = {Exploring the conformational heterogeneity of biomolecules: theory and experiments},
  year      = {2016},
  number    = {8},
  pages     = {5684--5685},
  volume    = {18},
  doi       = {10.1039/c6cp90029a},
  publisher = {Royal Society of Chemistry ({RSC})},
}

@Article{Gopich2008,
  author    = {Irina V. Gopich},
  journal   = {The Journal of Physical Chemistry B},
  title     = {Concentration Effects in Single-Molecule Spectroscopy},
  year      = {2008},
  month     = {may},
  number    = {19},
  pages     = {6214--6220},
  volume    = {112},
  doi       = {10.1021/jp0764182},
  publisher = {American Chemical Society ({ACS})},
}

@online{Anaconda,
	author = {Anaconda},
	title = {{Anaconda Software Distribution}},
	year = 2020,
	url = {https://www.anaconda.com/},
	urldate = {2020-06-28}
}

@Article{Bielec2020,
  author    = {Krzysztof Bielec and Grzegorz Bubak and Tomasz Kalwarczyk and Robert Holyst},
  journal   = {The Journal of Physical Chemistry B},
  title     = {Analysis of Brightness of a Single Fluorophore for Quantitative Characterization of Biochemical Reactions},
  year      = {2020},
  month     = {feb},
  number    = {10},
  pages     = {1941--1948},
  volume    = {124},
  doi       = {10.1021/acs.jpcb.0c00770},
  publisher = {American Chemical Society ({ACS})},
}

@Article{ZanettiDomingues2013,
  author    = {Laura C. Zanetti-Domingues and Christopher J. Tynan and Daniel J. Rolfe and David T. Clarke and Marisa Martin-Fernandez},
  journal   = {{PLoS} {ONE}},
  title     = {Hydrophobic Fluorescent Probes Introduce Artifacts into Single Molecule Tracking Experiments Due to Non-Specific Binding},
  year      = {2013},
  month     = {sep},
  number    = {9},
  pages     = {e74200},
  volume    = {8},
  doi       = {10.1371/journal.pone.0074200},
  publisher = {Public Library of Science ({PLoS})},
}

@Comment{jabref-meta: databaseType:bibtex;}
