@online{data_2020,
  author    = {Ayhm Dalila (Kaggle User)},
  title     = {Elon Musk Tweets 2010-2021},
  year      = {2021},
  url 		= {https://www.kaggle.com/ayhmrba/elon-musk-tweets-2010-2021?select=2020.csv},
  urldate = {2021-06-25}
}

@online{musk,
  author    = {Tesla},
  title     = {Elon Musk},
  year      = {2021},
  url 		= {https://www.tesla.com/elon-musk},
  urldate = {2021-06-25}
}

@book{musk_2015,
author = {Vance, Ashlee},
address = {New York, NY},
booktitle = {Elon Musk : Tesla, SpaceX, and the quest for a fantastic future},
edition = {First edition.},
isbn = {9780062301239},
keywords = {Musk, Elon},
language = {eng},
publisher = {Ecco, an imprint of HarperCollinsPublishers},
title = {Elon Musk : Tesla, SpaceX, and the quest for a fantastic future },
year = {2015},
}


@inproceedings{advertisement_2016,
author = {Kazai, Gabriella and Yusof, Iskander and Clarke, Daoud},
title = {Personalised News and Blog Recommendations Based on User Location, Facebook and Twitter User Profiling},
year = {2016},
isbn = {9781450340694},
publisher = {Association for Computing Machinery},
address = {New York, NY, USA},
url = {https://doi.org/10.1145/2911451.2911464},
doi = {10.1145/2911451.2911464},
booktitle = {Proceedings of the 39th International ACM SIGIR Conference on Research and Development in Information Retrieval},
pages = {1129–1132},
numpages = {4},
location = {Pisa, Italy},
series = {SIGIR '16}
}

@inproceedings{home_2012,
title = "Towards social user profiling: Unified and discriminative influence model for inferring home locations",
year = "2012",
doi = "10.1145/2339530.2339692",
language = "English (US)",
isbn = "9781450314626",
series = "Proceedings of the ACM SIGKDD International Conference on Knowledge Discovery and Data Mining",
pages = "1023--1031",
}

@article{socialscience_2018,
author = {De França, Fabricio and Goya, Denise and Penteado, Claudio},
year = {2018},
month = {12},
pages = {},
title = {User profiling of the Twitter Social Network during the impeachment of Brazilian President},
volume = {8},
journal = {Social Network Analysis and Mining},
doi = {10.1007/s13278-017-0482-x}
}