@online{BitcoinData2021,
	author = {Zielak (User) on Kaggle},
	title = {{Bitcoin Historical Data}},
	year = 2021,
	url = {https://www.kaggle.com/mczielinski/bitcoin-historical-data},
	urldate = {2020-05-20}
}